1571 2403
127 103 1784 191 Beccaria. Fdt du dt de punir

196 237 1284 118 Libres, mais en guerre à l'origine, les

89 333 1426 155 h. "sacrifiérent 1 partie" de leur liberté

73 456 1355 116 "pr jouir sûrnt et en paix du reste."

88 575 1402 117 "Ttes les portions de liberté sacrifiées ainsi

59 685 1466 108 au bien d'un chacun se réunissent pr composer

59 784 1445 112 la souverainete d'1 nation, dépôt précieux

56 868 1455 132 dt le souverain est le gardien et le dispensateur"

1412 979 124 80 (20)

120 1022 1383 134 Mais "l'esprit despotique de chaque h.

47 1120 1399 128 en particulier", fait qu'il cherche non

62 1227 1472 123 seulnt "à retirer de la masse c/ne la portion

51 1317 1451 122 de liberté qu'il y a déposée", mais encore

64 1440 1260 116 à "usurper celle des autres." (21)

119 1526 1388 127 Il a fallu élever des remparts ctre cette

68 1654 1306 111 usurpation. "Il existe dans l'univers

71 1757 1459 113 physique et moral 1 tendce continuelle

71 1851 930 131 à la dissolution." (21)

133 1989 1329 126 "Tt acte d'autorité exercé par 1 h.

88 2081 1316 162 sur 1 autre est tyrannique s'il

96 2195 1365 115 n est pas absolnt necessaire. La necessité
