3791 5212
441 278 23 26 1
480 276 27 40 5
553 265 33 50 J
602 280 25 24 1,1
647 264 16 40 i
680 280 24 24 il

3399 303 16 34 5

432 2063 155 33 L'amour
619 2072 97 25 secret
750 2065 37 33 de
818 2066 32 33 la
882 2067 77 33 den-

430 2108 80 37 telle,
558 2109 59 41 qui
659 2110 57 41 fut
769 2110 191 35 sévèrement

430 2152 170 42 réprimée,
657 2166 33 20 se
743 2155 106 32 donne
899 2169 59 20 au-

425 2197 176 40 jourd'hui
635 2198 79 33 libre
745 2211 104 21 cours.
914 2201 44 32 Ce

429 2241 147 42 chapeau
613 2242 79 33 haut
724 2244 37 32 de
793 2244 112 41 forme,
938 2246 20 32 à

430 2286 96 41 petits
549 2286 107 41 bords,
681 2295 44 25 est
749 2288 208 34 entièrement

429 2342 40 20 en
500 2330 135 34 dentelle
649 2344 12 26 ;
700 2340 118 25 autour
845 2333 38 33 de
907 2334 51 33 lui

429 2374 84 37 flotte
548 2387 47 21 un
630 2376 79 33 voile
751 2377 37 33 de
823 2378 134 33 dentelle

430 2431 90 20 noire
553 2427 111 26 retenu
692 2429 62 33 par
779 2434 45 21 un
849 2423 106 33 ruban

428 2463 157 42 d'argent.
621 2465 68 33 Par
707 2466 130 33 Bonwit
856 2468 100 32 Teller

428 3084 77 74 L
505 3084 117 74 A
840 3088 580 80 VOGUE
1638 3096 194 72 DE
2048 3096 194 74 LA
2462 3094 938 78 DENTELLE

1185 3290 71 48 La
1312 3292 151 48 mode
1518 3293 214 49 estivale
1791 3293 112 49 doit
1962 3312 89 30 son
2112 3295 205 49 charme
2377 3296 167 49 aérien
2605 3296 26 48 à

1183 3473 46 49 la
1313 3474 220 49 dentelle
1614 3477 87 62 qui
1784 3495 128 30 nous
2002 3477 198 49 revient
2287 3496 115 30 sous
2495 3478 137 49 mille

1178 3658 188 50 formes
1416 3661 260 49 nouvelles
1728 3673 51 37 et
1829 3673 343 51 attrayantes,
2226 3663 243 61 ajoutant
2529 3682 100 31 une

2551 3795 12 13 1

1177 3843 149 62 grâce
1397 3844 225 64 féérique
1699 3864 98 31 aux
1859 3847 145 48 robes
2082 3858 52 37 et
2204 3865 97 31 aux
2362 3847 264 62 chapeaux

428 3282 100 96 A

536 3274 116 41 PRÈS
706 3295 66 22 une
824 3283 123 43 longue

557 3327 138 41 période
775 3327 170 44 d'éclipsé,

557 3371 91 34 l'une
676 3371 56 34 des
761 3373 75 37 plus
864 3374 82 33 déli-

419 3413 124 35 cieuses
561 3416 120 33 étoffes
700 3416 44 33 du
763 3417 136 42 monde,
918 3418 26 33 si

418 3466 79 25 tant
530 3468 51 25 est
615 3461 104 42 qu'on
752 3462 112 41 puisse
898 3463 45 33 lui

417 3503 130 34 donner
572 3517 37 21 ce
635 3518 79 21 nom
740 3506 202 42 important,

416 3547 96 34 vient
526 3548 40 34 de
580 3557 177 27 retrouver
770 3559 97 26 toute
881 3565 61 20 son

415 3592 157 42 élégance
592 3607 6 20 :
637 3595 31 32 la
706 3595 147 34 dentelle
890 3605 53 25 est

416 3649 66 22 une
501 3637 61 34 fois
583 3638 42 34 de
644 3639 75 42 plus
739 3640 18 33 à
778 3640 30 33 la
829 3641 111 34 mode.

416 3681 48 34 La
504 3694 117 30 guerre
660 3684 46 33 lui
746 3685 95 33 avait
881 3686 59 33 nui

414 3726 155 42 pendant
584 3728 78 43 cinq
679 3741 71 29 ans,
767 3729 61 34 elle
845 3731 96 33 avait

414 3770 138 43 disparu
584 3772 42 34 de
657 3773 31 34 la
720 3774 219 43 circulation;

414 3816 154 42 toujours
594 3817 97 34 chère
716 3830 41 21 au
782 3831 93 21 cœur
899 3820 41 33 de

413 3859 32 34 là
478 3860 136 43 femme,
648 3862 62 34 elle
741 3863 87 34 était
861 3872 78 34 trop

413 3905 171 41 précieuse
626 3919 86 30 pour
753 3920 98 30 parer
893 3909 45 34 les

413 3949 96 34 robes
534 3950 41 34 de
600 3963 135 31 guerre;
760 3952 42 34 de
826 3961 112 35 temps

412 4006 41 21 en
472 4002 122 34 temps,
614 4009 44 20 on
677 3996 31 34 la
727 3998 212 33 rencontrait

411 4040 345 35 occasionnellement
783 4054 57 21 sur
867 4055 67 22 une
963 4044 80 34 robe
1071 4053 35 25 et
1133 4044 151 35 l'intérêt
1311 4046 58 34 des

410 4082 187 36 fabricants
648 4085 42 34 de
739 4086 163 35 dentelles
957 4089 156 33 suscitait
1167 4089 57 34 des
1278 4103 91 21 cam-

410 4139 125 31 pagnes
553 4142 41 21 en
619 4142 37 21 sa
679 4130 139 43 faveur;
850 4132 97 38 mais,
973 4142 91 25 cette
1088 4133 113 34 saison
1227 4147 141 27 marque

409 4184 86 30 pour
526 4173 30 34 la
595 4174 146 35 dentelle
778 4188 66 22 une
882 4177 54 34 ère
975 4179 167 38 nouvelle,
1181 4179 62 34 elle
1281 4192 18 21 a
1335 4180 32 34 la

410 4216 95 42 place
529 4218 191 35 d'honneur
746 4220 85 34 dans
857 4221 45 34 les
928 4222 75 37 plus
1028 4223 97 37 jolies
1155 4232 35 25 et
1217 4224 45 33 les
1291 4225 75 37 plus

409 4261 149 35 récentes
587 4264 179 34 créations.

453 4306 48 34 Ce
517 4316 78 25 sont
610 4317 137 26 surtout
763 4310 45 33 les
826 4310 97 34 robes
941 4312 161 34 habillées
1120 4313 122 38 qu'elle
1257 4326 81 22 orne
1358 4327 7 21 :

408 4350 61 35 elle
494 4363 18 21 a
537 4353 155 41 toujours
718 4367 84 27 paru
828 4355 85 34 dans
939 4356 44 34 les
1010 4357 143 39 grandes
1179 4358 185 34 occasions.

407 4396 48 32 La
475 4395 146 36 dentelle
639 4410 196 23 commence
853 4400 17 33 à
888 4401 99 40 jouer
1005 4414 46 20 un
1070 4402 69 33 rôle
1157 4402 84 34 dans
1260 4403 31 34 la
1309 4404 55 33 vie

408 4440 102 34 d'une
535 4440 125 36 femme
685 4456 40 20 en
751 4443 167 35 décorant
942 4458 36 21 sa
1004 4446 81 34 robe
1109 4446 41 34 de
1176 4447 161 39 baptême
1357 4461 6 19 :

406 4485 118 41 seules,
548 4485 45 34 les
617 4486 163 35 dentelles
803 4488 42 34 de
867 4490 32 33 la
922 4490 129 39 qualité
1074 4491 31 33 la
1128 4491 75 38 plus
1227 4493 137 38 exquise

407 4538 78 25 sont
513 4530 17 33 à
559 4531 32 33 la
621 4531 147 35 hauteur
796 4533 41 34 de
864 4543 92 25 cette
984 4535 118 34 affaire
1130 4536 111 34 d'état
1260 4537 6 33 !
1316 4538 48 33 Le

406 4575 87 33 voile
511 4575 40 33 de
569 4576 30 33 la
619 4577 123 34 mariée
759 4586 52 25 est
823 4579 90 33 aussi
931 4592 40 21 en
984 4580 157 40 dentelle,
1155 4590 34 25 et
1207 4582 108 33 même
1333 4582 29 33 le

405 4619 88 34 voile
511 4619 41 34 de
569 4620 31 33 la
616 4622 103 38 jeune
736 4623 119 33 novice
873 4624 58 39 qui
948 4637 43 20 va
1009 4625 145 39 prendre
1171 4626 122 33 l'habit
1311 4635 52 25 est

406 4663 63 34 fait
498 4676 95 34 avec
611 4674 90 26 cette
731 4667 141 34 matière
902 4681 73 21 rare
995 4682 6 20 :
1031 4670 85 33 c'est
1145 4682 36 22 sa
1211 4670 151 35 dernière

405 4709 220 42 coquetterie,
657 4719 35 25 et
721 4712 117 42 quand
868 4712 62 35 elle
960 4726 34 21 se
1024 4714 82 34 rend
1137 4727 75 21 vers
1243 4715 118 34 l'autel

404 4754 139 33 revêtue
571 4754 41 34 de
640 4755 122 35 l'habit
789 4758 169 41 monacal,
986 4759 61 33 elle
1076 4760 137 33 marche
1240 4772 57 21 sur
1324 4773 37 21 ce

403 4798 88 34 voile
503 4799 156 41 gracieux
668 4800 70 42 jeté
749 4813 56 21 sur
817 4801 29 34 le
858 4802 60 33 sol.
938 4803 148 34 Chassée
1098 4804 57 34 des
1167 4805 192 33 vêtements

403 4855 201 31 monacaux,
620 4844 31 34 la
665 4844 146 35 dentelle
824 4848 151 41 reparaît
987 4860 57 21 sur
1058 4848 45 34 les
1119 4861 128 30 nappes
1265 4849 95 34 d'au-

1424 4047 45 34 tel
1487 4060 42 20 ou
1548 4048 120 35 décore
1689 4049 46 34 les
1755 4049 96 34 robes
1869 4049 58 34 des
1946 4049 106 34 saints
2071 4050 45 33 les
2130 4050 94 42 jours
2242 4049 42 34 de
2300 4049 80 34 fête.

1467 4092 90 34 Pour
1580 4093 32 33 la
1636 4094 114 42 poésie
1773 4107 133 21 comme
1929 4107 86 29 pour
2038 4094 32 33 la
2094 4094 112 41 mode,
2230 4094 45 34 les
2300 4094 81 34 den-

1423 4136 93 35 telles
1541 4146 80 25 sont
1643 4138 58 34 des
1726 4139 132 34 thèmes
1882 4139 193 42 également
2098 4139 167 42 gracieux.
2312 4140 68 33 De-

1422 4182 74 42 puis
1517 4194 66 30 que
1603 4182 32 34 la
1655 4183 164 42 première
1839 4183 147 34 dentelle
2007 4184 140 42 appelée
2167 4184 20 14 "
2203 4184 177 42 punto-in-

1422 4226 70 34 aria
1507 4226 314 36 "—littéralement
1852 4228 20 15 "
1889 4228 98 43 point
2017 4241 40 21 en
2089 4228 74 34 l'air
2177 4228 123 33 "-fut
2330 4228 49 33 fa-

1421 4271 126 41 çonnée
1560 4284 41 21 en
1615 4272 100 34 Italie
1727 4285 86 30 pour
1826 4273 45 34 les
1886 4273 101 34 belles
2002 4273 116 34 dames
2132 4281 35 26 et
2179 4273 45 34 les
2238 4273 139 42 prélats,

1420 4316 31 33 la
1482 4316 114 42 poésie
1625 4325 35 25 et
1699 4317 31 34 le
1769 4318 224 33 romantisme
2032 4318 212 33 s'attachent
2273 4318 18 33 à
2324 4330 52 21 ces

1420 4361 187 33 ravissants
1625 4361 114 34 tissus.
1781 4363 63 33 Les
1863 4362 129 34 saisons
2011 4362 42 34 où
2073 4362 32 34 la
2124 4362 147 34 dentelle
2288 4371 52 25 est
2357 4363 18 33 à

1419 4405 32 33 la
1480 4405 100 34 mode
1610 4405 45 34 les
1685 4407 97 33 robes
1812 4415 64 26 ont
1904 4420 46 20 un
1980 4407 137 34 charme
2147 4406 197 43 particulier
2367 4420 7 28 ;

1417 4450 122 41 jamais
1560 4450 46 34 les
1626 4451 96 34 robes
1743 4451 44 33 du
1808 4452 68 33 soir
1894 4464 42 21 ne
1954 4460 78 25 sont
2051 4452 75 42 plus
2147 4451 101 34 belles
2269 4464 56 21 car
2344 4452 31 33 la

1418 4494 147 35 dentelle
1581 4495 46 34 les
1645 4495 83 34 rend
1745 4496 124 42 légères
1888 4504 35 26 et
1940 4496 172 42 délicates,
2130 4509 43 21 ou
2192 4496 71 34 leur
2280 4496 95 42 prête

1418 4539 129 34 l'allure
1565 4548 35 25 et
1617 4540 31 33 la
1666 4540 182 42 splendeur
1865 4540 58 35 des
1942 4541 96 34 robes
2057 4541 42 34 de
2116 4553 99 30 cour;
2234 4549 35 25 et
2286 4541 87 42 puis,

1418 4583 20 33 il
1457 4596 22 30 y
1498 4596 18 21 a
1535 4584 31 33 la
1584 4584 148 35 dentelle
1749 4585 58 34 des
1826 4594 187 25 manteaux
2031 4585 90 34 d'été
2140 4585 58 43 qui
2216 4593 94 26 trace
2328 4598 46 20 un

1417 4628 134 34 sombre
1572 4629 102 34 motif
1693 4642 56 21 sur
1769 4630 111 42 lequel
1902 4643 33 21 se
1956 4629 145 35 détache
2122 4631 31 33 la
2174 4630 138 34 couleur
2333 4630 41 33 de

1417 4672 31 34 la
1480 4673 91 34 robe.
1632 4674 101 34 Cette
1759 4675 124 41 saison,
1921 4675 45 33 les
2005 4676 96 33 robes
2139 4674 233 43 d'après-midi

1416 4717 160 34 habillées
1595 4727 151 33 peuvent
1763 4720 71 33 être
1852 4719 91 33 aussi
1960 4732 41 21 en
2019 4720 148 33 dentelle
2186 4732 6 20 :
2211 4719 163 42 quelque-

1415 4761 62 34 fois
1497 4775 66 21 une
1583 4763 147 34 dentelle
1750 4765 111 33 crème
1880 4776 161 22 recouvre
2061 4776 46 21 un
2127 4763 83 34 fond
2230 4763 42 34 de
2290 4765 83 41 jupe

1414 4819 41 21 en
1471 4807 89 33 satin
1576 4807 42 34 de
1633 4820 131 22 nuance
1780 4808 164 42 délicate;
1959 4808 225 43 quelquefois,
2200 4808 77 34 elles
2293 4817 80 25 sont

1414 4851 123 34 teintes
1574 4864 44 21 ou
1654 4852 132 43 peintes
1823 4865 87 30 pour
1946 4853 241 33 s'harmoniser
2223 4865 83 22 avec
2340 4853 33 33 la

2871 3291 137 34 couleur
3046 3291 42 34 de
3126 3291 31 34 la
3195 3292 204 34 mousseline

2871 3348 83 22 avec
2984 3336 145 43 laquelle
3158 3349 44 21 on
3232 3337 45 33 les
3309 3338 88 33 unit.

2871 3381 29 33 Il
2928 3389 52 26 est
3008 3381 67 33 très
3106 3381 135 42 élégant
3270 3381 42 34 de
3341 3382 57 33 dé-

2869 3437 94 22 corer
2994 3425 46 34 les
3074 3425 97 34 robes
3205 3425 45 34 du
3287 3426 111 33 matin

2869 3482 41 21 en
2929 3470 92 33 linon
3047 3482 83 22 avec
3154 3470 41 33 de
3219 3470 32 33 la
3278 3471 119 34 lourde

2869 3514 146 34 dentelle
3066 3514 42 34 de
3157 3515 44 32 fil.
3299 3515 97 34 Voici

2867 3571 66 21 une
2978 3559 80 33 robe
3099 3572 41 20 en
3191 3559 91 34 linon
3331 3560 64 42 gris

2867 3604 101 33 ornée
2985 3603 41 34 de
3043 3603 147 35 dentelle
3207 3603 41 34 de
3264 3604 72 33 filet
3353 3604 42 34 de

2867 3648 32 33 la
2913 3649 110 33 même
3037 3661 142 21 nuance.
3205 3648 76 35 Une
3296 3657 98 26 autre

2866 3693 151 33 création
3058 3693 202 41 ravissante,
3302 3702 92 25 cette

2866 3737 81 34 robe
2980 3749 41 22 en
3055 3737 198 34 charmeuse
3287 3738 104 34 noire.

2865 3782 198 33 L'encolure
3079 3790 52 25 est
3148 3782 124 34 bordée
3289 3782 103 34 d'une

2864 3827 123 33 étroite
3032 3827 113 33 bande
3191 3826 41 34 de
3278 3839 114 30 grosse

2864 3871 146 34 dentelle
3025 3871 41 33 de
3079 3871 34 33 fil
3128 3871 72 33 café
3216 3884 41 20 au
3273 3872 72 41 lait,
3358 3872 32 33 la

2864 3916 144 42 tunique
3032 3928 40 21 en
3098 3916 97 42 crêpe
3218 3925 174 33 georgette

2864 3960 42 34 de
2941 3961 31 33 la
3005 3961 110 33 même
3147 3973 131 21 nuance
3317 3961 75 34 des-

2863 4005 149 34 cendant
3044 4017 145 26 presque
3230 4006 159 37 jusqu'au

2438 4049 59 34 bas
2529 4049 42 34 de
2602 4050 31 33 la
2653 4050 82 42 jupe
2763 4058 52 26 est
2843 4050 124 34 bordée
3000 4049 104 34 d'une
3137 4050 112 33 bande
3282 4050 42 34 de
3358 4050 32 33 la

2437 4095 109 33 même
2565 4094 146 34 dentelle
2730 4094 86 34 dont
2832 4095 31 34 le
2881 4094 101 34 motif
2997 4094 64 33 fait
3078 4107 46 20 un
3142 4094 81 34 effet
3240 4094 90 34 riche
3347 4107 42 21 en

2436 4151 34 21 se
2484 4139 189 33 détachant
2686 4152 56 20 sur
2759 4140 29 33 le
2804 4139 84 34 fond
2907 4139 82 33 noir.

2478 4184 62 33 Les
2558 4184 180 42 premières
2755 4184 168 34 créations
2940 4183 90 33 d'été
3047 4183 41 34 de
3104 4183 94 34 Paris
3215 4183 116 34 furent
3347 4183 41 34 de

2434 4228 182 34 véritables
2641 4229 218 42 symphonies
2884 4228 41 34 de
2948 4228 174 34 dentelles.
3169 4229 48 33 La
3241 4228 148 34 dentelle

2434 4273 162 34 convient
2622 4273 329 34 merveilleusement
2977 4273 18 33 à
3023 4273 31 33 la
3080 4274 83 41 jupe
3189 4272 197 43 bouffante;

2433 4317 56 34 des
2510 4318 137 34 volants
2669 4317 41 35 de
2730 4318 163 34 dentelles
2913 4318 198 42 juxtaposés
3133 4317 77 34 font
3229 4317 42 34 de
3291 4317 97 33 char-

2433 4370 132 26 mantes
2590 4363 95 33 robes
2709 4362 137 43 légères,
2870 4362 194 34 bouffantes
3088 4375 57 20 sur
3167 4362 45 33 les
3236 4362 92 33 côtés
3352 4370 35 25 et

2431 4407 142 33 flottant
2587 4420 57 20 sur
2659 4407 29 33 le
2702 4407 82 33 fond
2801 4407 42 33 de
2855 4408 82 41 jupe
2952 4419 40 21 en
3008 4406 102 34 satin.
3147 4407 56 33 Un
3219 4406 167 42 généreux

2431 4464 102 29 usage
2555 4452 41 33 de
2618 4452 145 33 dentelle
2784 4451 126 43 drapée
2931 4451 41 34 de
2993 4451 150 34 manière
3164 4451 17 33 à
3204 4451 113 34 suivre
3338 4451 46 33 les

2430 4496 104 42 lignes
2560 4496 42 34 de
2626 4496 32 33 la
2683 4496 184 34 silhouette
2892 4496 161 34 convient
3078 4495 307 44 magnifiquement

2431 4553 65 21 aux
2513 4540 109 35 tailles
2640 4541 163 33 élancées.

2473 4586 91 33 Pour
2582 4586 45 33 les
2647 4585 111 34 dîners
2777 4593 34 26 et
2830 4585 45 34 les
2895 4585 118 34 sorties
3033 4584 44 34 du
3097 4585 77 41 soir,
3194 4597 41 22 en
3253 4585 65 41 été,
3338 4584 45 34 les

2430 4629 139 34 femmes
2587 4630 170 42 élégantes
2775 4642 34 21 se
2829 4638 177 25 montrent
3023 4638 148 25 souvent
3187 4642 40 21 en
3243 4630 81 33 robe
3341 4629 42 34 de

2429 4674 164 42 dentelle;
2615 4683 34 25 et
2668 4675 31 33 la
2720 4675 80 33 robe
2820 4674 42 34 de
2880 4675 77 42 jour
2976 4674 145 33 habillée
3140 4686 66 30 que
3226 4674 30 33 la
3277 4674 106 33 Fran-

2429 4720 87 41 çaise
2549 4719 89 33 aime
2671 4727 78 26 tant
2781 4727 36 26 et
2849 4731 86 30 pour
2968 4719 145 42 laquelle
3147 4718 236 34 l'Américaine

2428 4776 195 22 commence
2640 4763 17 34 à
2675 4776 33 21 se
2724 4764 106 33 sentir
2847 4764 45 33 du
2910 4763 93 43 goût,
3020 4776 73 21 sera
3110 4771 90 26 cette
3216 4763 108 34 année
3340 4776 41 21 en

2427 4808 138 34 taffetas
2590 4808 73 33 noir
2685 4821 43 21 ou
2753 4809 89 32 brun
2865 4808 66 34 très
2955 4808 135 33 sombre
3112 4808 101 34 ornée
3236 4807 42 34 de
3300 4808 82 34 den-

2426 4853 79 33 telle
2535 4865 67 31 que
2631 4853 69 34 l'on
2729 4861 84 35 peut
2843 4852 173 35 combiner
3046 4852 90 34 aussi
3167 4865 82 21 avec
3279 4852 42 34 de
3350 4853 32 33 la
