3791 5221
534 2428 88 98 c

631 2429 33 40 E
699 2428 111 41 n'est
840 2443 75 37 pas
949 2427 313 54 sanSxqiiël^iïe
1294 2428 309 53 appréhension
1643 2444 96 37 que,
1774 2444 107 37 pour

657 2484 39 40 la
722 2484 205 52 première
953 2483 93 52 fois,
1072 2484 148 53 Vogue
1245 2485 113 40 salue
1384 2499 62 26 ses
1471 2484 187 41 lectrices
1690 2500 50 25 en
1766 2485 114 40 fran-

657 2540 84 50 çais
777 2549 43 32 et
853 2539 56 41 les
945 2555 89 37 prie
1068 2540 256 40 d'accueillir
1358 2555 102 26 avec
1501 2540 306 41 bienveillance
1841 2540 37 40 le

529 2595 181 41 résultat
731 2595 70 41 des
825 2595 145 41 efforts
994 2595 102 53 qu'il
1118 2611 54 25 va
1195 2596 103 40 faire
1320 2611 107 37 pour
1449 2596 87 40 leur
1557 2598 89 39 être
1669 2596 207 52 agréable.

582 2651 147 53 Vogue
771 2651 152 52 naquit
963 2651 22 40 à
1026 2651 248 41 New-York
1313 2667 51 25 en
1409 2655 115 49 1895.
1595 2651 35 41 Il
1671 2652 92 40 doit
1803 2668 75 25 son

528 2707 158 53 origine
710 2707 22 40 à
758 2707 38 40 la
820 2706 199 42 fantaisie
1043 2706 236 42 d'hommes
1303 2718 43 30 et
1368 2708 51 39 de
1443 2708 174 40 femmes
1643 2708 56 40 du
1724 2708 156 40 monde

528 2763 86 52 qui,
636 2773 167 41 voyant
824 2763 104 40 dans
952 2763 38 40 la
1014 2762 188 41 création
1225 2763 50 40 de
1297 2773 112 31 cette
1432 2779 125 25 revue
1580 2763 51 40 de
1653 2763 38 41 la
1715 2763 164 41 Société

528 2829 43 30 et
597 2819 51 40 de
676 2819 38 40 la
743 2818 138 51 mode,
909 2818 39 41 la
978 2819 93 52 plus
1100 2818 222 41 délicieuse
1349 2819 71 40 des
1450 2819 253 41 récréations
1733 2830 147 30 surent

528 2874 56 40 lui
614 2875 162 40 donner
805 2874 37 40 la
874 2874 107 40 belle
1010 2884 128 31 tenue
1167 2884 44 31 et
1240 2874 37 40 la
1308 2874 247 42 distinction
1586 2875 109 40 dont
1722 2874 76 41 elle
1828 2890 52 25 ne

529 2929 101 41 s'est
648 2930 155 53 jamais
826 2929 206 53 départie.

579 2985 120 41 Tout
713 2986 50 40 de
779 2985 108 41 suite
902 2985 140 41 l'idéal
1057 2986 51 40 de
1123 2986 38 40 la
1174 2987 128 52 jeune
1318 3001 127 31 revue
1458 2986 211 41 futd'être
1683 2986 37 41 le
1735 2986 144 41 miroir

528 3041 49 40 de
599 3057 45 25 ce
667 3041 103 53 qu'il
791 3057 28 35 y
841 3056 22 25 a
886 3041 53 41 de
961 3041 188 41 meilleur
1171 3051 44 31 et
1236 3042 51 40 de
1309 3041 92 52 plus
1425 3042 69 41 sûr
1515 3042 104 41 dans
1642 3042 38 40 le
1700 3043 106 52 goût
1827 3043 53 40 de

528 3096 115 41 Paris
670 3113 8 25 :
704 3097 105 40 c'est
832 3097 106 40 dans
970 3107 113 31 cette
1107 3097 112 51 ville,
1246 3097 22 40 à
1294 3107 113 31 cette
1438 3113 158 36 source,
1622 3113 83 37 que
1729 3098 149 52 Vogue

528 3152 67 41 n'a
618 3153 113 40 cessé
754 3153 50 40 de
825 3152 142 53 puiser
997 3168 74 25 son
1102 3152 251 54 inspiration
1379 3169 8 24 :
1418 3153 56 40 tel
1504 3163 64 31 est
1589 3153 36 41 le
1656 3163 134 31 secret
1819 3154 56 40 du

527 3208 189 41 meilleur
760 3209 51 40 de
856 3224 75 25 son
979 3208 153 41 succès.
1205 3208 238 52 Toutefois,
1489 3224 164 26 comme
1699 3209 25 40 il
1769 3210 109 40 était

527 3264 163 40 destiné
720 3264 23 40 à
775 3264 71 40 des
879 3264 288 51 américaines,
1190 3280 55 25 on
1275 3280 28 35 y
1326 3265 191 41 trouvait
1547 3265 330 41 naturellement

527 3320 110 40 aussi
665 3335 45 25 ce
738 3320 102 52 qu'il
866 3336 29 35 y
923 3320 120 41 avait
1069 3320 51 40 de
1147 3320 140 40 mieux
1315 3320 104 40 dans
1448 3321 35 40 le
1512 3321 107 52 style
1648 3321 227 41 américain

527 3385 42 31 et
591 3376 104 40 dans
718 3375 57 41 les
798 3376 145 40 modes
966 3376 272 40 d'outremer.

579 3431 196 41 D'année
802 3447 50 25 en
882 3432 146 51 année,
1058 3432 147 52 Vogue
1232 3432 64 40 vit
1324 3447 73 25 son
1421 3433 140 40 succès
1585 3432 220 41 s'affirmer
1832 3443 44 30 et

526 3487 252 41 s'accroître.
835 3487 86 42 Dès
950 3503 74 25 son
1053 3487 256 53 apparition,
1338 3487 25 40 il
1391 3498 74 30 eut
1490 3504 55 24 un
1574 3489 176 40 nombre
1777 3504 98 25 con-

525 3542 206 42 sidérable
772 3543 51 40 de
862 3543 189 41 lectrices
1096 3559 50 24 en
1186 3543 249 53 Angleterre
1477 3544 53 40 où
1573 3559 43 26 sa
1658 3544 124 51 façon
1823 3545 52 40 de

524 3599 217 52 présenter
761 3598 57 41 les
840 3599 145 41 modes
1008 3599 258 52 parisiennes
1289 3599 55 40 les
1367 3599 92 52 plus
1481 3599 222 53 originales
1725 3600 149 41 éveilla

524 3655 99 41 chez
645 3655 57 40 les
724 3654 176 41 femmes
923 3670 58 25 un
1004 3655 83 41 très
1109 3655 134 53 grand
1267 3655 167 41 intérêt.

578 3711 64 40 En
679 3711 117 51 1916,
827 3711 36 40 le
895 3711 142 40 succès
1069 3711 52 40 de
1150 3711 148 52 Vogue
1328 3711 106 41 dans
1475 3711 36 41 le
1542 3711 333 52 Royaume-Uni

522 3766 108 41 était
652 3766 57 41 tel
734 3781 82 38 que
838 3766 38 40 la
901 3766 204 41 nécessité
1129 3766 128 41 d'une
1280 3766 160 42 édition
1465 3767 197 53 anglaise,
1688 3783 108 37 pour
1818 3768 57 41 les

523 3821 187 42 lectrices
735 3822 221 53 anglaises,
981 3822 214 53 s'imposa.
1248 3823 56 40 Le
1327 3823 155 40 monde
1504 3824 242 51 cependant
1767 3824 109 40 était

521 3892 51 26 en
597 3893 147 37 guerre
769 3888 44 30 et
836 3877 105 42 c'est
964 3893 83 26 une
1071 3879 126 40 chose
1222 3877 188 42 curieuse
1435 3894 81 37 que
1540 3878 37 41 le
1602 3879 142 41 succès
1770 3879 103 41 d'un

522 3949 195 25 nouveau
767 3934 185 53 journal,
1005 3933 333 42 exclusivement
1388 3934 190 52 féminin,
1631 3934 22 41 à
1706 3951 57 25 un
1816 3935 57 41 tel

521 4000 204 30 moment.
798 3989 115 42 Mais
959 3990 39 40 la
1042 4000 152 43 gentry
1240 3989 184 53 anglaise
1469 3990 180 41 n'hésita
1695 4006 74 38 pas
1815 4007 57 25 un

521 4045 165 41 instant
719 4061 101 25 avec
855 4061 74 25 son
962 4047 106 52 goût
1100 4046 32 41 si
1166 4046 171 51 cultivé,
1372 4056 44 32 et
1448 4046 32 42 si
1514 4047 145 40 raffiné
1684 4062 8 26 :
1724 4047 148 53 Vogue

520 4111 128 41 parut
674 4101 38 41 la
742 4117 126 25 revue
896 4102 38 40 la
963 4102 94 52 plus
1084 4101 202 54 originale
1313 4102 51 41 de
1391 4102 39 41 la
1458 4103 124 41 mode
1609 4102 202 41 féminine
1839 4103 33 41 si

519 4156 96 41 bien
656 4157 365 54 qu'aujourd'hui,
1057 4173 73 26 son
1173 4158 133 53 tirage
1339 4158 177 53 dépasse
1557 4159 51 40 de
1648 4159 223 53 beaucoup

519 4212 105 41 celui
657 4213 51 40 de
741 4223 141 31 toutes
914 4213 57 42 les
1006 4224 140 31 autres
1181 4229 147 26 revues
1361 4214 295 53 britanniques
1689 4214 184 42 traitant

518 4268 71 41 des
612 4270 157 40 mêmes
793 4271 146 52 sujets.

573 4323 114 42 Mais
724 4325 147 53 Vogue
907 4341 53 25 ne
998 4342 41 25 se
1075 4327 241 41 contentait
1352 4343 75 38 pas
1468 4328 126 41 d'une
1630 4328 242 53 popularité

517 4379 232 42 croissante
772 4381 105 41 dans
900 4381 57 41 les
982 4398 104 37 pays
1110 4383 51 40 de
1184 4383 151 52 langue
1358 4384 185 52 anglaise
1558 4400 9 34 ;
1591 4384 26 41 il
1641 4385 231 42 traversait

517 4434 39 41 la
582 4435 204 53 Manche,
816 4447 43 31 et
884 4437 39 41 la
951 4438 235 53 perfection
1214 4440 52 40 de
1293 4455 61 25 ses
1383 4441 160 51 modes,
1573 4455 74 26 son
1676 4440 195 53 élégance

516 4501 57 42 et,
606 4491 126 53 aussi,
764 4492 36 41 le
830 4494 106 52 goût
966 4509 103 27 avec
1101 4494 136 54 lequel
1270 4495 25 41 il
1328 4496 141 41 savait
1497 4496 154 41 choisir
1681 4496 39 41 la
1752 4496 117 51 fleur,

516 4547 201 42 l'essence
755 4549 136 41 même
930 4550 73 41 des
1043 4551 270 41 mondanités
1352 4551 57 42 les
1450 4552 91 52 plus
1582 4552 192 41 raffinées
1813 4552 56 41 lui

515 4602 136 43 valait
684 4619 57 26 un
776 4605 141 41 succès
952 4606 275 52 grandissant
1260 4608 103 40 dans
1401 4618 121 31 toute
1556 4608 214 52 l'Europe.
1833 4608 39 41 A

516 4658 118 42 telles
675 4660 215 53 enseignes
933 4677 96 36 que,
1072 4677 51 26 en
1168 4675 117 40 1917,
1326 4664 147 52 Vogue
1515 4664 80 41 dut
1634 4665 114 40 créer
1788 4679 83 26 une

515 4714 160 42 édition
700 4716 290 42 continentale
1014 4718 107 42 dont
1145 4719 38 41 la
1207 4721 188 52 majeure
1419 4720 137 53 partie
1580 4736 42 25 se
1644 4720 153 41 vendit
1819 4736 50 25 en

516 4771 172 42 France.
762 4772 220 53 Spectacle
1025 4775 174 53 étrange
1224 4776 7 40 !
1275 4791 82 25 une
1400 4791 127 26 revue
1572 4776 186 53 anglaise
1805 4786 70 31 sut

514 4828 225 53 conquérir
780 4844 57 25 un
881 4831 178 40 nombre
1102 4833 193 52 toujours
1338 4832 209 43 croissant
1589 4833 51 40 de
1683 4832 189 41 lectrices

2022 2429 137 52 parmi
2205 2429 56 40 les
2307 2429 175 40 femmes
2529 2429 227 50 françaises
2803 2428 57 41 les
2906 2428 93 53 plus
3046 2428 212 53 élégantes
3273 2444 9 35 ;
3330 2444 44 25 sa

2023 2484 240 53 popularité
2291 2484 149 41 devint
2469 2484 31 41 si
2528 2485 159 52 grande
2716 2484 21 41 à
2767 2484 118 41 Paris
2913 2499 83 37 que
3024 2483 56 41 les
3109 2484 185 41 éditeurs
3323 2485 52 40 de

2021 2541 147 52 Vogue
2201 2540 260 53 comprirent
2494 2540 101 53 qu'il
2629 2541 109 40 était
2769 2540 52 40 de
2854 2539 90 41 leur
2976 2539 147 41 devoir
3155 2540 162 40 d'offrir
3350 2540 22 40 à

2022 2596 108 41 leurs
2155 2596 186 41 lectrices
2366 2596 228 51 françaises
2618 2611 83 25 une
2724 2595 160 41 édition
2909 2596 52 40 de
2984 2596 146 52 Vogue
3153 2595 220 53 imprimée

2022 2653 105 40 dans
2150 2662 112 31 cette
2284 2652 165 52 langue.

2075 2708 122 40 Nous
2228 2723 50 25 ne
2309 2708 142 40 dirons
2481 2723 74 37 pas
2586 2718 143 30 toutes
2760 2707 56 41 les
2847 2706 226 41 difficultés
3104 2706 266 52 matérielles,

2021 2764 102 40 dues
2152 2779 82 25 aux
2262 2764 309 40 circonstances
2600 2779 82 36 que
2710 2763 36 40 le
2774 2763 156 40 monde
2958 2772 188 31 traverse
3174 2762 199 41 actuelle-

2021 2829 131 41 ment,
2171 2819 103 53 qu'il
2292 2834 105 26 nous
2416 2835 22 24 a
2457 2819 100 40 fallu
2578 2828 241 31 surmonter
2835 2833 109 38 pour
2960 2817 168 41 réaliser
3144 2833 46 26 ce
3207 2820 163 51 projet;

2020 2875 188 41 d'autres
2247 2875 209 41 obstacles
2496 2890 41 25 se
2575 2875 297 52 présenteront
2909 2889 149 25 encore
3096 2889 98 26 sans
3232 2889 138 26 aucun

2020 2931 130 40 doute
2170 2941 44 30 et
2232 2931 104 41 c'est
2354 2946 82 25 une
2457 2931 137 40 raison
2614 2931 52 39 de
2686 2930 93 52 plus
2799 2945 107 37 pour
2926 2945 105 25 nous
3051 2930 321 40 recommander

2020 2986 21 40 à
2073 2987 38 39 la
2142 2986 305 41 bienveillance
2477 2997 42 30 et
2548 2986 21 40 à
2601 2986 282 52 l'indulgence
2912 2985 53 40 de
2994 3000 74 26 nos
3098 2985 271 41 charmantes

2020 3042 202 41 lectrices.

2072 3098 122 41 Nous
2232 3097 187 42 désirons
2457 3097 171 53 qu'elles
2666 3106 310 43 comprennent
3011 3105 243 32 nettement
3287 3111 83 38 que

2019 3169 104 25 nous
2147 3154 178 40 n'avons
2348 3169 75 37 pas
2446 3153 38 40 la
2507 3153 243 52 prétention
2773 3153 51 40 de
2846 3152 90 40 leur
2957 3151 117 41 offrir
3095 3152 274 53 aujourd'hui

2018 3225 81 25 une
2151 3225 126 25 revue
2328 3209 334 41 exclusivement
2711 3207 261 54 parisienne;
3025 3223 104 25 nous
3180 3207 187 41 désirons

2017 3265 173 52 qu'elles
2233 3275 170 31 sentent
2443 3265 96 40 bien
2581 3279 82 38 que
2705 3279 103 25 nous
2851 3279 52 25 ne
2943 3263 178 41 voulons
3164 3278 74 37 pas
3280 3263 90 41 leur

2018 3321 173 52 peindre
2222 3321 235 40 seulement
2485 3320 56 41 les
2572 3335 184 26 nuances
2786 3319 57 40 les
2874 3319 94 52 plus
2999 3318 368 54 caractéristiques

2017 3377 51 40 de
2100 3392 45 25 ce
2176 3377 73 52 qui
2280 3387 65 30 est
2374 3376 359 40 essentiellement
2763 3374 196 51 français.
3023 3374 121 41 Nous
3177 3389 190 26 avouons

2016 3433 297 40 franchement
2339 3447 82 38 que
2450 3442 119 30 notre
2597 3431 112 41 seule
2737 3430 242 53 prétention
3008 3440 64 31 est
3097 3430 163 41 d'offrir
3285 3446 83 25 une

2016 3489 255 52 adaptation
2307 3503 107 38 pour
2448 3503 50 25 ne
2534 3503 73 37 pas
2643 3487 88 40 dire
2765 3487 138 40 même
2937 3501 82 25 une
3053 3486 228 41 traduction
3316 3487 51 40 de

2015 3545 147 52 Vogue
2187 3544 240 41 américain.
2480 3543 186 52 Puisque
2688 3543 146 52 Vogue
2858 3542 113 41 édité
2994 3557 51 25 en
3070 3541 159 53 anglais
3254 3557 22 25 a
3300 3542 68 41 été

2016 3601 35 39 le
2077 3600 212 41 bienvenu
2316 3599 151 53 auprès
2494 3600 50 39 de
2570 3609 98 30 tant
2692 3599 52 40 de
2768 3597 170 42 milliers
2965 3598 51 40 de
3041 3597 188 41 lectrices
3255 3597 113 41 fran-

2015 3657 145 50 çaises,
2192 3656 209 53 pourquoi
2430 3656 160 51 Vogue,
2622 3656 192 51 toujours
2846 3653 242 51 américain,
3119 3653 105 41 mais
3255 3653 112 41 édité

2015 3727 50 25 en
2105 3712 183 51 français
2328 3710 188 42 aurait-il
2555 3726 57 25 un
2653 3710 156 41 accueil
2849 3709 200 41 différent
3072 3709 14 40 ?
3154 3709 212 41 L'édition

2014 3768 209 50 française
2252 3782 88 26 sera
2374 3767 109 40 donc
2515 3781 106 38 pour
2661 3766 37 40 le
2729 3766 172 52 présent
2931 3765 57 41 du
3026 3764 134 41 moins
3198 3780 50 25 en
3284 3774 84 31 tout

2012 3824 214 40 semblable
2262 3839 24 25 a
2320 3822 185 42 l'édition
2541 3822 260 41 américaine.
2866 3821 116 41 Mais
3020 3835 164 26 comme
3219 3820 148 53 Vogue

2014 3879 228 41 américain
2272 3894 22 25 a
2323 3894 46 25 su
2400 3879 192 52 toujours
2622 3887 174 31 trouver
2823 3887 44 31 et
2893 3877 218 53 présenter
3137 3876 37 40 le
3202 3876 165 40 dernier

2013 3936 57 40 cri
2104 3936 71 40 des
2210 3935 143 41 modes
2387 3934 227 51 françaises
2648 3933 105 41 c'est
2784 3933 109 41 donc
2926 3948 51 25 en
3011 3947 160 26 somme
3203 3931 37 41 le
3273 3931 92 53 plus

2013 3991 173 53 parfait,
2210 3991 36 41 le
2269 3991 91 52 plus
2384 3990 215 51 moderne,
2622 3989 37 41 le
2681 3989 93 53 plus
2797 3988 170 54 élégant
2988 3988 70 41 des
3079 3989 214 52 journaux
3315 3988 51 40 de

2013 4047 125 41 mode
2153 4062 82 38 que
2250 4047 37 40 la
2302 4046 168 41 lectrice
2484 4046 208 50 française
2715 4060 100 26 aura
2839 4045 38 40 la
2897 4044 86 54 joie
2997 4044 51 40 de
3069 4043 222 51 feuilleter,
3315 4043 50 41 de

2013 4103 86 51 lire,
2125 4103 50 40 de
2198 4103 192 41 méditer.

2067 4160 148 52 Vogue
2253 4159 177 52 gardera
2471 4157 124 52 aussi,
2636 4157 88 41 cela
2762 4172 54 26 va
2857 4171 96 26 sans
2993 4155 101 52 dire,
3135 4170 57 26 un
3231 4154 133 53 grand

2014 4216 177 40 nombre
2220 4214 212 42 d'articles
2463 4214 127 40 d'une
2620 4212 354 42 documentation
3005 4221 44 31 et
3076 4211 103 41 d'un
3210 4211 157 40 intérêt

2012 4281 229 42 purement
2265 4270 227 41 américain
2517 4285 70 26 car
2612 4285 106 25 nous
2743 4268 271 42 considérons
3039 4282 82 37 que
3146 4267 38 40 la
3210 4267 156 40 femme

2012 4328 52 40 de
2088 4328 161 40 France
2273 4342 101 25 aura
2398 4326 22 41 à
2445 4341 116 26 cœur
2583 4326 52 40 de
2659 4341 42 25 se
2724 4324 109 42 tenir
2856 4339 53 26 au
2933 4333 181 32 courant
3136 4323 72 40 des
3232 4322 135 41 mani-

2012 4383 226 41 festations
2266 4383 113 40 d'art
2400 4392 43 31 et
2469 4382 241 52 d'élégance
2736 4381 51 40 de
2812 4396 47 25 ce
2885 4395 106 38 pays
3019 4378 154 54 auquel
3200 4378 76 41 elle
3302 4388 65 31 est

2010 4440 137 52 jointe
2172 4439 271 41 maintenant
2466 4448 44 31 et
2532 4453 107 37 pour
2663 4438 193 52 toujours
2882 4451 77 38 par
2982 4435 56 41 les
3062 4435 103 40 liens
3190 4434 57 41 les
3271 4434 93 53 plus

2012 4495 132 41 chers.

2069 4551 268 52 Cependant,
2366 4549 112 52 petit
2503 4549 22 41 à
2555 4548 123 53 petit,
2707 4563 104 26 nous
2841 4562 142 26 serons
3012 4546 168 41 amenés
3209 4545 23 41 à
3260 4560 105 26 nous

2012 4607 258 51 rapprocher
2293 4606 51 41 de
2369 4605 140 41 l'idéal
2534 4605 183 49 français
2742 4614 44 31 et
2808 4604 23 40 à
2857 4603 191 41 éliminer
3071 4617 45 26 ce
3140 4601 74 51 qui
3239 4601 129 41 serait

2012 4673 96 41 trop
2132 4662 393 52 particulièrement
2546 4660 242 42 américain.
2840 4659 122 41 Nous
2988 4658 192 41 suivrons
3204 4672 51 25 en
3278 4656 87 41 cela

2011 4719 57 40 les
2092 4718 256 42 indications
2372 4718 51 40 de
2446 4732 74 26 nos
2544 4716 189 42 lectrices
2757 4731 81 25 aux
2861 4715 118 53 pieds
3003 4712 234 54 desquelles
3261 4727 103 26 nous

2012 4775 210 52 déposons
2244 4773 274 54 aujourd'hui
2538 4773 36 40 le
2593 4771 182 54 premier
2793 4772 179 40 numéro
2992 4770 51 41 de
3062 4785 46 26 ce
3127 4769 148 53 Vogue
3294 4783 70 37 qu;

2013 4831 68 40 n'a
2105 4830 134 53 qu'un
2261 4830 80 41 but
2365 4845 9 26 :
2405 4829 90 41 leur
2515 4829 145 53 plaire.
