3791 5233
188 264 22 33 4
3250 242 247 43 ROGUE

1993 531 93 34 DES
2134 530 183 35 FLEURS
2365 529 66 34 DE
2479 528 190 35 TOUTES
2724 526 206 35 SAISONS
2997 519 412 39 S'ÉPANOUISSENT

2088 670 39 21 .11.

1993 722 93 34 SUR
2135 721 86 35 LES
2268 720 257 35 CHAPEAUX
2570 719 142 34 D'ÉTÉ
2758 718 95 34 DES
2900 714 335 37 PARISIENNES.
3314 711 95 34 DES

1992 918 198 35 PLUMES
2259 917 60 35 ET
2394 915 95 34 DES
2574 913 195 40 COQUES
2837 912 87 33 LES
3000 907 410 37 ACCOMPAGNENT

576 2290 175 23 VERLAINE

255 2544 84 34 Rien
360 2546 82 33 n'est
462 2546 74 42 plus
557 2546 20 34 à
595 2547 34 33 la
649 2547 101 42 mode,
772 2555 73 25 cette

252 2589 125 42 saison,
414 2603 59 30 que
508 2591 45 33 les
588 2592 110 40 fleurs.
760 2592 85 33 C'est

252 2635 163 42 pourquoi
446 2642 74 27 cette
551 2643 91 35 toque
674 2637 38 32 de
745 2637 99 42 paille

253 2691 131 21 marron
409 2680 106 33 s'orne
540 2681 81 33 d'un
647 2681 135 42 bouquet
807 2682 36 32 de

253 2724 189 41 coquelicots
459 2737 39 21 en
516 2725 123 33 velours
657 2726 38 33 de
713 2726 130 33 couleur

250 2768 133 40 flamme
424 2769 78 33 dont
543 2770 45 33 les
630 2783 101 20 cœurs
772 2778 72 26 sont

252 2825 130 21 mauves
398 2825 10 27 ;
452 2826 46 21 un
542 2814 87 42 large
672 2815 172 42 coquelicot

252 2858 94 32 cache
360 2858 132 33 l'oreille
507 2871 11 27 ;
534 2872 43 20 au
592 2859 57 34 bas
663 2867 46 25 est
722 2860 122 33 attaché

252 2903 45 32 du
313 2903 76 32 tulle
405 2903 83 33 brun
505 2904 58 41 qui
576 2904 86 33 vient
676 2917 34 20 se
726 2905 117 42 draper

251 2948 114 32 devant
385 2948 130 33 suivant
535 2948 34 33 la
590 2949 142 33 nouvelle
754 2950 89 32 mode

2241 2711 180 22 AUGUSTIN
2430 2711 19 21 E
2477 2711 42 21 ET
2542 2703 147 29 ANDRÉE

583 3568 43 33 Ce
644 3569 117 34 turban
779 3570 158 33 vraiment
954 3571 93 42 royal
1064 3584 20 20 a
1102 3583 64 22 une
1185 3572 103 33 allure
1306 3579 66 26 tout

581 3614 192 42 égyptienne
788 3627 10 20 :
826 3615 29 32 le
876 3615 86 42 fond
989 3628 40 20 en
1057 3616 76 33 tulle
1161 3624 46 25 est
1234 3618 138 32 encerclé

581 3659 80 33 d'un
689 3666 70 26 tour
786 3658 36 33 de
849 3659 111 42 plume
985 3672 58 21 sur
1068 3661 102 41 lequel
1195 3673 33 21 se
1254 3661 116 42 dresse,

581 3716 119 20 comme
720 3716 46 20 un
786 3703 158 42 diadème,
965 3717 65 21 une
1048 3705 111 42 plume
1178 3705 90 34 bleue
1288 3706 84 34 d'or-

575 3748 99 43 fraie.
735 3748 186 42 Augustine
967 3757 28 25 et
1032 3750 138 41 Andrée,
1213 3763 159 21 ancienne

581 3792 138 34 Maison
752 3794 105 40 Vorot,
885 3802 253 34 accompagnent
1164 3807 33 21 ce
1223 3796 148 42 chapeau

580 3837 80 33 d'un
691 3837 160 34 manchon
881 3838 122 34 duveté.
1019 3851 40 21 en
1088 3839 77 34 tulle
1194 3847 29 26 et
1253 3841 120 42 orfraie

247 4747 181 42 L'organdi
443 4756 45 25 est
503 4749 116 42 l'étoffe
636 4749 20 33 à
671 4750 32 33 la
720 4750 91 33 mode
829 4759 81 33 pour
926 4750 46 34 les

246 4792 90 33 robes
363 4792 80 34 d'été
459 4804 12 28 ;
497 4793 45 33 les
569 4794 170 42 chapeaux
765 4795 58 41 qui
849 4808 123 21 accom-

246 4844 144 34 pagnent
407 4849 50 21 ces
474 4837 89 34 robes
580 4838 68 34 s'en
668 4847 113 26 ornent
798 4839 175 42 également

2166 4582 171 25 VERLAINE
